<?xml version="1.0" encoding="UTF-8"?>
<record xmlns="http://www.loc.gov/MARC21/slim" xmlns:xsi="http://www.w3.org/2001/XMLSchema-instance" xsi:schemaLocation="http://www.loc.gov/MARC21/slim http://www.loc.gov/standards/marcxml/schema/MARC21slim.xsd">
<leader>     cam a22002891  4500</leader>
<controlfield tag="001">001683961</controlfield>
<controlfield tag="003">NNU</controlfield>
<controlfield tag="005">20061010173218.0</controlfield>
<controlfield tag="008">000713s1962    sy            000 0 arar</controlfield>
<datafield tag="010" ind1=" " ind2=" ">
<subfield code="a">ne 66000512</subfield>
</datafield>
<datafield tag="035" ind1="9" ind2=" ">
<subfield code="a">NYUb12227387</subfield>
</datafield>
<datafield tag="035" ind1=" " ind2=" ">
<subfield code="a">(NNU)NYUb12227387</subfield>
</datafield>
<datafield tag="040" ind1=" " ind2=" ">
<subfield code="a">DLC</subfield>
<subfield code="c">CUY</subfield>
<subfield code="d">CUY</subfield>
<subfield code="d">CGU</subfield>
<subfield code="d">CStRLIN</subfield>
<subfield code="d">CtY</subfield>
</datafield>
<datafield tag="050" ind1="0" ind2=" ">
<subfield code="a">BP189</subfield>
<subfield code="b">.M29</subfield>
</datafield>
<datafield tag="066" ind1=" " ind2=" ">
<subfield code="c">(3</subfield>
</datafield>
<datafield tag="090" ind1=" " ind2=" ">
<subfield code="a">BP189</subfield>
<subfield code="b">.M285 1962</subfield>
</datafield>
<datafield tag="245" ind1="0" ind2="3">
<subfield code="6">880-01</subfield>
<subfield code="a">al-Majmūʻah al-ṣughrá lil-fawāʼid al-kubrá /</subfield>
<subfield code="c">taqdīm wa-taḥqīq Ṣafwat al-Saqqā.</subfield>
</datafield>
<datafield tag="250" ind1=" " ind2=" ">
<subfield code="6">880-02</subfield>
<subfield code="a">al-Ṭabʻah 2.</subfield>
</datafield>
<datafield tag="260" ind1=" " ind2=" ">
<subfield code="6">880-03</subfield>
<subfield code="a">Ḥalab :</subfield>
<subfield code="b">Maktabat Rabīʻ,</subfield>
<subfield code="c">[1962]</subfield>
</datafield>
<datafield tag="300" ind1=" " ind2=" ">
<subfield code="a">4, 208 p. ;</subfield>
<subfield code="c">25 cm.</subfield>
</datafield>
<datafield tag="505" ind1="0" ind2=" ">
<subfield code="a">al-Burhān al-muʼayyad / li-Aḥmad al-Rifāʻī -- ʻUnwān al-tawfīq fī ādāb al-ṭarīq wa-huwa sharḥ qaṣīdat Abī Midyan / li-Tāj al-Dīn ibn ʻAṭāʼ Allāh al-Sakandarī, wa-yalīhi takhmīs al-qaṣīdah al-madhkūrah / li-Muḥyī al-Dīn ibn ʻArabī -- al-Kawkab al-mutalālī sharḥ qaṣīdat al-Ghazzālī / li-ʻAbd al-Ghanī al-Nābulusī.</subfield>
</datafield>
<datafield tag="650" ind1=" " ind2="0">
<subfield code="a">Sufism</subfield>
<subfield code="v">Texts.</subfield>
</datafield>
<datafield tag="700" ind1="1" ind2=" ">
<subfield code="6">880-04</subfield>
<subfield code="a">Saqqā, Ṣafwat.</subfield>
</datafield>
<datafield tag="880" ind1="0" ind2="2">
<subfield code="6">245-01/</subfield>
<subfield code="a">المجموعة الصغرى للفوائد الكبرى /</subfield>
<subfield code="c">تقديم وتحقيق صفوة السقا.</subfield>
</datafield>
<datafield tag="880" ind1=" " ind2=" ">
<subfield code="6">250-02/</subfield>
<subfield code="a">الطبعة 2.</subfield>
</datafield>
<datafield tag="880" ind1=" " ind2=" ">
<subfield code="6">260-03/</subfield>
<subfield code="a">حلب :</subfield>
<subfield code="b">مكتبة ربيع،</subfield>
<subfield code="c">[1962]</subfield>
</datafield>
<datafield tag="880" ind1="1" ind2=" ">
<subfield code="6">700-04/</subfield>
<subfield code="a">سقا، صفوة.</subfield>
</datafield>
<datafield tag="OWN" ind1=" " ind2=" ">
<subfield code="a">GENERAL</subfield>
</datafield>
<datafield tag="998" ind1=" " ind2=" ">
<subfield code="a">20010429</subfield>
<subfield code="d">20010429</subfield>
<subfield code="d">20010429</subfield>
<subfield code="n">NNU</subfield>
<subfield code="s">6</subfield>
<subfield code="t">c</subfield>
<subfield code="z">e</subfield>
</datafield>
<datafield tag="AVA" ind1=" " ind2=" ">
<subfield code="a">NYU50</subfield>
<subfield code="b">BOBST</subfield>
<subfield code="c">Main Collection</subfield>
<subfield code="d">BP189 .M285 1962</subfield>
<subfield code="e">unavailable</subfield>
<subfield code="t">Unavailable</subfield>
<subfield code="f">1</subfield>
<subfield code="g">1</subfield>
<subfield code="h">N</subfield>
<subfield code="i">0</subfield>
<subfield code="j">MAIN</subfield>
<subfield code="k">0</subfield>
</datafield>
</record>
